%% This BibTeX bibliography file was created using BibDesk.
%% https://bibdesk.sourceforge.io/

%% Created for PAUL NAKROSHIS at 2019-05-22 21:06:19 -0400 


%% Saved with string encoding Unicode (UTF-8) 



@webpage{Zucker,
	Date-Added = {2019-05-22 21:02:37 -0400},
	Date-Modified = {2019-05-22 21:03:49 -0400},
	Keywords = {Ligo, Optical Lever, Calibration, photodiode},
	Lastchecked = {20-May-2019},
	Month = {March},
	Url = {https://dcc.ligo.org/public/0029/T990026/000/T990026-00.pdf},
	Year = {1999},
	Bdsk-File-1 = {YnBsaXN0MDDSAQIDBFxyZWxhdGl2ZVBhdGhZYWxpYXNEYXRhXxB0Li4vLi4vLi4vRHJvcGJveC9Eb2N1bWVudHNGL19SZXNlYXJjaC9DdXJyZW50UHJvamVjdHMvbWFnbmV0b21ldGVyL01hZ25ldG9tZXRlclBhcGVycy9DYWxpYnJhdGlvbk9mT3B0aWNhbExldmVycy5wZGZPEQIWAAAAAAIWAAIAAAxNYWNpbnRvc2ggSEQAAAAAAAAAAAAAAAAAAAAAAAAAQkQAAf////8eQ2FsaWJyYXRpb25PZk9wdGljYWxMZXZlcnMucGRmAAAAAAAAAAAAAAAAAAAAAAAAAAAAAAAAAAAAAAAAAAAA/////wAAAAAAAAAAAAAAAAADAAcAAAogY3UAAAAAAAAAAAAAAAAAEk1hZ25ldG9tZXRlclBhcGVycwACAHkvOlVzZXJzOnBhdWxuOkRyb3Bib3g6RG9jdW1lbnRzRjpfUmVzZWFyY2g6Q3VycmVudFByb2plY3RzOm1hZ25ldG9tZXRlcjpNYWduZXRvbWV0ZXJQYXBlcnM6Q2FsaWJyYXRpb25PZk9wdGljYWxMZXZlcnMucGRmAAAOAD4AHgBDAGEAbABpAGIAcgBhAHQAaQBvAG4ATwBmAE8AcAB0AGkAYwBhAGwATABlAHYAZQByAHMALgBwAGQAZgAPABoADABNAGEAYwBpAG4AdABvAHMAaAAgAEgARAASAHdVc2Vycy9wYXVsbi9Ecm9wYm94L0RvY3VtZW50c0YvX1Jlc2VhcmNoL0N1cnJlbnRQcm9qZWN0cy9tYWduZXRvbWV0ZXIvTWFnbmV0b21ldGVyUGFwZXJzL0NhbGlicmF0aW9uT2ZPcHRpY2FsTGV2ZXJzLnBkZgAAEwABLwAAFQACAAz//wAAAAgADQAaACQAmwAAAAAAAAIBAAAAAAAAAAUAAAAAAAAAAAAAAAAAAAK1}}

@article{Resolution-Limit,
	Author = {Lazo M. Manojlovic ÃÅ},
	Date-Added = {2019-05-22 20:32:47 -0400},
	Date-Modified = {2019-05-22 21:04:17 -0400},
	Journal = {Optik},
	Keywords = {Position measurement, Quadrant photodetector, Resolution limit},
	Month = {October},
	Number = {19},
	Pages = {7631--7634},
	Title = {Resolution limit of the quadrant photodetector},
	Volume = {127},
	Year = {2016},
	Bdsk-File-1 = {YnBsaXN0MDDSAQIDBFxyZWxhdGl2ZVBhdGhZYWxpYXNEYXRhXxBjLi4vLi4vLi4vRHJvcGJveC9Eb2N1bWVudHNGL19SZXNlYXJjaC9DdXJyZW50UHJvamVjdHMvUmVzb2x1dGlvbmxpbWl0b2Z0aGVxdWFkcmFudHBob3RvZGV0ZWN0b3IucGRmTxECDgAAAAACDgACAAAMTWFjaW50b3NoIEhEAAAAAAAAAAAAAAAAAAAAAAAAAEJEAAH/////H1Jlc29sdXRpb25saW1pdG9mdCNGRkZGRkZGRi5wZGYAAAAAAAAAAAAAAAAAAAAAAAAAAAAAAAAAAAAAAAAAAP////8AAAAAAAAAAAAAAAAAAwAFAAAKIGN1AAAAAAAAAAAAAAAAAA9DdXJyZW50UHJvamVjdHMAAAIAaC86VXNlcnM6cGF1bG46RHJvcGJveDpEb2N1bWVudHNGOl9SZXNlYXJjaDpDdXJyZW50UHJvamVjdHM6UmVzb2x1dGlvbmxpbWl0b2Z0aGVxdWFkcmFudHBob3RvZGV0ZWN0b3IucGRmAA4AXAAtAFIAZQBzAG8AbAB1AHQAaQBvAG4AbABpAG0AaQB0AG8AZgB0AGgAZQBxAHUAYQBkAHIAYQBuAHQAcABoAG8AdABvAGQAZQB0AGUAYwB0AG8AcgAuAHAAZABmAA8AGgAMAE0AYQBjAGkAbgB0AG8AcwBoACAASABEABIAZlVzZXJzL3BhdWxuL0Ryb3Bib3gvRG9jdW1lbnRzRi9fUmVzZWFyY2gvQ3VycmVudFByb2plY3RzL1Jlc29sdXRpb25saW1pdG9mdGhlcXVhZHJhbnRwaG90b2RldGVjdG9yLnBkZgATAAEvAAAVAAIADP//AAAACAANABoAJACKAAAAAAAAAgEAAAAAAAAABQAAAAAAAAAAAAAAAAAAApw=}}

@article{QPD-Sensitivity,
	Author = {Lazo M. Manojlovi{\'c}},
	Date-Added = {2019-05-22 20:21:17 -0400},
	Date-Modified = {2019-05-22 20:24:35 -0400},
	Journal = {APPLIED OPTICS},
	Keywords = {quadrant, photodetector, sensitivity, model},
	Month = {July},
	Number = {20},
	Pages = {3461--3469},
	Title = {Quadrant photodetector sensitivity},
	Volume = {50},
	Year = {2011},
	Bdsk-File-1 = {YnBsaXN0MDDSAQIDBFxyZWxhdGl2ZVBhdGhZYWxpYXNEYXRhXxBaLi4vLi4vLi4vRHJvcGJveC9Eb2N1bWVudHNGL19SZXNlYXJjaC9DdXJyZW50UHJvamVjdHMvUXVhZHJhbnRwaG90b2RldGVjdG9yc2Vuc2l0aXZpdHkucGRmTxEB7AAAAAAB7AACAAAMTWFjaW50b3NoIEhEAAAAAAAAAAAAAAAAAAAAAAAAAEJEAAH/////H1F1YWRyYW50cGhvdG9kZXRlYyNGRkZGRkZGRi5wZGYAAAAAAAAAAAAAAAAAAAAAAAAAAAAAAAAAAAAAAAAAAP////8AAAAAAAAAAAAAAAAAAwAFAAAKIGN1AAAAAAAAAAAAAAAAAA9DdXJyZW50UHJvamVjdHMAAAIAXy86VXNlcnM6cGF1bG46RHJvcGJveDpEb2N1bWVudHNGOl9SZXNlYXJjaDpDdXJyZW50UHJvamVjdHM6UXVhZHJhbnRwaG90b2RldGVjdG9yc2Vuc2l0aXZpdHkucGRmAAAOAEoAJABRAHUAYQBkAHIAYQBuAHQAcABoAG8AdABvAGQAZQB0AGUAYwB0AG8AcgBzAGUAbgBzAGkAdABpAHYAaQB0AHkALgBwAGQAZgAPABoADABNAGEAYwBpAG4AdABvAHMAaAAgAEgARAASAF1Vc2Vycy9wYXVsbi9Ecm9wYm94L0RvY3VtZW50c0YvX1Jlc2VhcmNoL0N1cnJlbnRQcm9qZWN0cy9RdWFkcmFudHBob3RvZGV0ZWN0b3JzZW5zaXRpdml0eS5wZGYAABMAAS8AABUAAgAM//8AAAAIAA0AGgAkAIEAAAAAAAACAQAAAAAAAAAFAAAAAAAAAAAAAAAAAAACcQ==}}

@webpage{square-photodiode,
	Date-Added = {2019-04-09 15:51:41 -0400},
	Date-Modified = {2019-04-09 16:00:51 -0400},
	Keywords = {photodiode, square, optoelectronics, detector},
	Lastchecked = {9-Apr-2019},
	Month = {April},
	Url = {https://www.aptechnologies.co.uk/support/SiPDS/bicell-quad},
	Urldate = {9-Apr-2019},
	Year = {2019},
	Bdsk-Url-1 = {https://www.aptechnologies.co.uk/support/SiPDS/bicell-quad}}
