@misc{K06,
Author = {{Kurucz}, R.~L.},
Title = {Robert L. Kurucz on-line database of observed and predicted atomic transitions},
year = 2006,
Bdsk-Url-1 = {http://kurucz.harvard.edu/atoms/2402/gfemq2402.pos, http://kurucz.harvard.edu/atoms/2603/gfemq2603.pos,
http://kurucz.harvard.edu/atoms/2603/gf2603.lines, http://kurucz.harvard.edu/atoms/2604/gfemq2604.pos,
http://kurucz.harvard.edu/atoms/2604/gf2604.lines, http://kurucz.harvard.edu/atoms/2701/gfemq2701.pos,
http://kurucz.harvard.edu/atoms/2701/gf2701.lines, http://kurucz.harvard.edu/atoms/3900/gfemq3900.pos,
http://kurucz.harvard.edu/atoms/3900/gf3900.lines, http://kurucz.harvard.edu/atoms/2402/gf2402.lines},
VALD_ref_number = 4}
@misc{K07,
Author = {{Kurucz}, R.~L.},
Title = {Robert L. Kurucz on-line database of observed and predicted atomic transitions},
year = 2007,
Bdsk-Url-1 = {http://kurucz.harvard.edu/atoms/1400/gfemq1400.pos, http://kurucz.harvard.edu/atoms/1400/gf1400.lines,
http://kurucz.harvard.edu/atoms/2000/gfemq2000.pos, http://kurucz.harvard.edu/atoms/2000/gf2000.lines,
http://kurucz.harvard.edu/atoms/2500/gfemq2500.pos, http://kurucz.harvard.edu/atoms/2600/gfemq2600.pos,
http://kurucz.harvard.edu/atoms/2600/gf2600.lines, http://kurucz.harvard.edu/atoms/2802/gf2802.pos,
http://kurucz.harvard.edu/atoms/2802/gf2802.lines},
VALD_ref_number = 5}
@misc{K08,
Author = {{Kurucz}, R.~L.},
Title = {Robert L. Kurucz on-line database of observed and predicted atomic transitions},
year = 2008,
Bdsk-Url-1 = {http://kurucz.harvard.edu/atoms/2700/gfemq2700.pos, http://kurucz.harvard.edu/atoms/2700/gf2700.lines,
http://kurucz.harvard.edu/atoms/2800/gf2800.lines, http://kurucz.harvard.edu/atoms/2800/gfemq2800.pos},
VALD_ref_number = 6}
@misc{K09,
Author = {{Kurucz}, R.~L.},
Title = {Robert L. Kurucz on-line database of observed and predicted atomic transitions},
year = 2009,
Bdsk-Url-1 = {http://kurucz.harvard.edu/atoms/2400/gfemq2400.pos, http://kurucz.harvard.edu/atoms/2803/gfemq2803.pos,
http://kurucz.harvard.edu/atoms/2804/gfemq2804.pos, http://kurucz.harvard.edu/atoms/2805/gfemq2805.pos,
http://kurucz.harvard.edu/atoms/2100/gf2100.lines, http://kurucz.harvard.edu/atoms/2101/gf2101.lines,
http://kurucz.harvard.edu/atoms/2104/gf2104.lines, http://kurucz.harvard.edu/atoms/2300/gf2300.lines,
http://kurucz.harvard.edu/atoms/2803/gf2803.lines, http://kurucz.harvard.edu/atoms/2804/gf2804.lines,
http://kurucz.harvard.edu/atoms/2805/gf2805.lines},
VALD_ref_number = 7}
@misc{K10,
Author = {{Kurucz}, R.~L.},
Title = {Robert L. Kurucz on-line database of observed and predicted atomic transitions},
year = 2010,
Bdsk-Url-1 = {http://kurucz.harvard.edu/atoms/2200/gf2200.lines, http://kurucz.harvard.edu/atoms/2200/gfemq2200.pos,
http://kurucz.harvard.edu/atoms/2201/gf2201.lines, http://kurucz.harvard.edu/atoms/2201/gfemq2201.pos,
http://kurucz.harvard.edu/atoms/2601/gfemq2601.pos, http://kurucz.harvard.edu/atoms/2601/gf2601.lines,
http://kurucz.harvard.edu/atoms/2202/gf2202.lines, http://kurucz.harvard.edu/atoms/2202/gfemq2202.pos,
http://kurucz.harvard.edu/atoms/2401/gf2401.lines, http://kurucz.harvard.edu/atoms/2401/gfemq2401.pos,
http://kurucz.harvard.edu/atoms/2602/gfemq2602.pos, http://kurucz.harvard.edu/atoms/2602/gf2602.lines,
http://kurucz.harvard.edu/atoms/2605/gfemq2605.pos, http://kurucz.harvard.edu/atoms/2605/gf2605.lines,
http://kurucz.harvard.edu/atoms/2606/gfemq2606.pos, http://kurucz.harvard.edu/atoms/2606/gf2606.lines,
http://kurucz.harvard.edu/atoms/2702/gfemq2702.pos, http://kurucz.harvard.edu/atoms/2702/gf2702.lines,
http://kurucz.harvard.edu/atoms/2400/gf2400.lines, http://kurucz.harvard.edu/atoms/2400/gfemq2400.pos,
http://kurucz.harvard.edu/atoms/2301/gf2301.lines, http://kurucz.harvard.edu/atoms/2301/gfemq2301.pos,
http://kurucz.harvard.edu/atoms/2302/gfemq2302.pos, http://kurucz.harvard.edu/atoms/2302/gf2302.lines,
http://kurucz.harvard.edu/atoms/2502/gfemq2502.pos, http://kurucz.harvard.edu/atoms/2502/gf2502.lines,
http://kurucz.harvard.edu/atoms/2806/gfemq2806.pos, http://kurucz.harvard.edu/atoms/2807/gfemq2807.pos,
http://kurucz.harvard.edu/atoms/2808/gfemq2808.pos, http://kurucz.harvard.edu/atoms/2806/gf2806.lines,
http://kurucz.harvard.edu/atoms/2807/gf2807.lines, http://kurucz.harvard.edu/atoms/2808/gf2808.lines,
http://kurucz.harvard.edu/atoms/2001/gfemq2001.pos, http://kurucz.harvard.edu/atoms/2001/gf2001.lines,
http://kurucz.harvard.edu/atoms/0600/gfemq0600.pos},
VALD_ref_number = 8}
@misc{K14,
Author = {{Kurucz}, R.~L.},
Title = {Robert L. Kurucz on-line database of observed and predicted atomic transitions},
year = 2014,
Bdsk-Url-1 = {http://kurucz.harvard.edu/atoms/0601/gf0601.lines, http://kurucz.harvard.edu/atoms/0601/gfemq0601.pos,
http://kurucz.harvard.edu/atoms/1401/gf1401auto.lines, http://kurucz.harvard.edu/atoms/1401/gfemq1401auto.pos,
http://kurucz.harvard.edu/atoms/2600/gfemq2600.pos, http://kurucz.harvard.edu/atoms/2600/gf2600.lines},
VALD_ref_number = 12}
@article{BPM,
Author = {{Barklem}, P.~S. and {Piskunov}, N. and {O'Mara}, B.~J.},
Date-Modified = {2010-09-27 17:27:07 +0200},
Doi = {10.1051/aas:2000167},
Journal = {Astron. and Astrophys. Suppl. Ser.},
Keywords = {ATOMIC DATA, LINE: PROFILES, ASTRONOMICAL DATA BASES: MISCELLANEOUS},
Month = mar,
Note = {(BPM)},
Pages = {467-473},
Title = {{A list of data for the broadening of metallic lines by neutral hydrogen collisions}},
Volume = 142,
Year = 2000,
Bdsk-Url-1 = {http://dx.doi.org/10.1051/aas:2000167},
VALD_ref_number = 45}
@article{BWL,
Author = {{O'Brian}, T.~R. and {Wickliffe}, M.~E. and {Lawler}, J.~E. and {Whaling},
W. and {Brault}, J.~W.},
Date-Modified = {2010-09-27 17:27:07 +0200},
Journal = {Journal of the Optical Society of America B Optical Physics},
Keywords = {FLUORESCENCE: LASER-INDUCED, SPECTROSCOPY: FOURIER, SPECTROSCOPY: ATOMIC,
IRON, LIFETIMES},
Note = {(BWL)},
Pages = {1185-1201},
Title = {{Lifetimes, transition probabilities, and level energies in Fe i}},
Volume = 8,
Year = 1991,
VALD_ref_number = 47}
@article{DIKH,
Author = {{Drozdowski}, R. and {Ignaciuk}, M. and {Kwela}, J. and {Heldt},
J.},
Date-Modified = {2010-09-27 17:27:07 +0200},
Doi = {10.1007/s004600050300},
Journal = {Zeitschrift fur Physik D Atoms Molecules Clusters},
Note = {(DIKH)},
Pages = {125-+},
Title = {{Radiative lifetimes of the lowest ^{3}P^{1} metastable states of Ca and Sr}},
Volume = 41,
Year = 1997,
Bdsk-Url-1 = {http://dx.doi.org/10.1007/s004600050300},
VALD_ref_number = 115}
@book{CB,
author = {{Corliss}, C.~H. and {Bozman}, W.~R.},
title = {{Experimental transition probabilities for spectral lines of seventy elements; derived from the NBS Tables of spectral-line intensities}},
booktitle = {NBS Monograph 53, Washington: US Department of Commerce, National Bureau of Standards,
|c1962},
Series = {NBS Monograph},
Volume = 53,
year = {1962},
editor = {{Corliss, C.~H.~\& Bozman, W.~R.}},
adsurl = {http://cdsads.u-strasbg.fr/abs/1962etps.book.....C},
adsnote = {Provided by the SAO/NASA Astrophysics Data System},
Publisher = {US Government Printing Office},
Note = {(CB)},
VALD_ref_number = 122}
@article{FMW,
author = {{Fuhr}, J.~R. and {Martin}, G.~A. and {Wiese}, W.~L.},
title = {{Atomic transition probabilities. Iron through Nickel}},
journal = {Journal of Physical and Chemical Reference Data, Volume 17, Suppl.~4.~New York: American Institute of Physics (AIP) and American Chemical Society,
1988},
year = {1988},
volume = {17},
adsurl = {http://cdsads.u-strasbg.fr/abs/1988JPCRD..17S....F},
adsnote = {Provided by the SAO/NASA Astrophysics Data System},
Bdsk-Url-1 = {http://www.nist.gov/data/PDFfiles/jpcrdS4Vol17.pdf},
Note = {(FMW)},
VALD_ref_number = 128}
@misc{CDROM18,
author = {{Kurucz}, R.L.},
title = {CDROM 18},
howpublished = {SAO, Cambridge},
year = 1993,
annote = "SAO,
Cambridge,
CDROM 18 (BELLHEAVY,
NLTELINES,
etc.)",
VALD_ref_number = 134}
@ARTICLE{VGH,
author = {{Vaeck}, N. and {Godefroid}, M. and {Hansen}, J.~E.},
title = "{Multiconfiguration Hartree-Fock calculations for singlet terms in neutral strontium}",
journal = {\pra},
keywords = {Oscillator strengths, lifetimes, transition moments, Absolute and relative intensities,
Multiphoton ionization and excitation to highly excited states},
year = 1988,
month = sep,
volume = 38,
pages = {2830-2845},
doi = {10.1103/PhysRevA.38.2830},
adsurl = {http://adsabs.harvard.edu/abs/1988PhRvA..38.2830V},
note = {(VGH)},
adsnote = {Provided by the SAO/NASA Astrophysics Data System},
VALD_ref_number = 411}
@misc{KMGH,
Author = {{Kurucz}, R.~L.},
Title = "{Robert L. Kurucz on-line database of molecular line lists, MgH A-X and B'-X transitions}",
year = 1995,
Note = {(KMGH)},
Bdsk-Url-1 = {http://kurucz.harvard.edu/LINELISTS/LINESMOL/mgh.asc, http://kurucz.harvard.edu/LINELISTS/LINESMOL/creationdates.dat},
VALD_ref_number = 430}
@ARTICLE{LGWSC,
author = {{Lawler}, J.~E. and {Guzman}, A. and {Wood}, M.~P. and {Sneden},
C. and {Cowan}, J.~J.},
title = "{Improved Log(gf) Values for Lines of Ti I and Abundance Determinations in the Photospheres of the Sun and Metal-Poor Star HD 84937 (Accurate Transition Probabilities for Ti I)}",
journal = {\apjs},
keywords = {atomic data, methods: laboratory, stars: abundances },
year = 2013,
month = apr,
volume = 205,
eid = {11},
pages = {11},
doi = {10.1088/0067-0049/205/2/11},
adsurl = {http://adsabs.harvard.edu/abs/2013ApJS..205...11L},
adsnote = {Provided by the SAO/NASA Astrophysics Data System},
VALD_ref_number = 438}
@ARTICLE{WLHK,
author = {{Wallace}, L. and {Hinkle}, K.},
title = "{The 236.6-5400.0 nm Spectrum of Cr I}",
journal = {\apj},
keywords = {atomic data, infrared: general, line: identification},
year = 2009,
month = jul,
volume = 700,
pages = {720-726},
doi = {10.1088/0004-637X/700/1/720},
adsurl = {http://adsabs.harvard.edu/abs/2009ApJ...700..720W},
adsnote = {Provided by the SAO/NASA Astrophysics Data System},
VALD_ref_number = 442}
@ARTICLE{LWDFSC,
author = {{Lawler}, J.~E. and {Wood}, M.~P. and {Den Hartog}, E.~A. and {Feigenson},
T. and {Sneden}, C. and {Cowan}, J.~J.},
title = "{Improved V I Log(gf) Values and Abundance Determinations in the Photospheres of the Sun and Metal-poor Star HD 84937}",
journal = {\apjs},
keywords = {atomic data, methods: laboratory: atomic, stars: abundances,
stars: individual: HD 84937, Sun: abundances},
year = 2014,
month = dec,
volume = 215,
eid = {20},
pages = {20},
doi = {10.1088/0067-0049/215/2/20},
adsurl = {http://adsabs.harvard.edu/abs/2014ApJS..215...20L},
adsnote = {Provided by the SAO/NASA Astrophysics Data System},
VALD_ref_number = 443}
